<record><leader>00000cas a22000007a 4500</leader><controlfield tag="001">16830163</controlfield><controlfield tag="008">871008c19uu9999iauwr ne      0    0eng d</controlfield><datafield ind1=" " ind2=" " tag="010"><subfield code="a">sn 87057853 </subfield></datafield><datafield ind1=" " ind2=" " tag="040"><subfield code="a">INP</subfield><subfield code="b">eng</subfield><subfield code="c">INP</subfield><subfield code="d">OCLCQ</subfield></datafield><datafield ind1=" " ind2=" " tag="042"><subfield code="a">msc</subfield></datafield><datafield ind1="0" ind2="0" tag="245"><subfield code="a">Charter Oak-Ute newspaper.</subfield></datafield><datafield ind1=" " ind2=" " tag="260"><subfield code="a">Ute, Iowa :</subfield><subfield code="b">Lyon Pub.</subfield></datafield><datafield ind1=" " ind2=" " tag="300"><subfield code="a">v.</subfield></datafield><datafield ind1=" " ind2=" " tag="310"><subfield code="a">Weekly</subfield></datafield><datafield ind1=" " ind2=" " tag="588"><subfield code="a">Description based on: Vol. no. 95, no. 1 (Jan. 1, 1987).</subfield></datafield><datafield ind1=" " ind2=" " tag="752"><subfield code="a">United States</subfield><subfield code="b">Iowa</subfield><subfield code="c">Monona</subfield><subfield code="d">Ute.</subfield></datafield><datafield ind1=" " ind2=" " tag="752"><subfield code="a">United States</subfield><subfield code="b">Iowa</subfield><subfield code="c">Crawford</subfield><subfield code="d">Charter Oak.</subfield></datafield><datafield ind1="0" ind2="4" tag="780"><subfield code="t">Ute independent</subfield></datafield><datafield ind1="0" ind2="4" tag="780"><subfield code="t">Charter Oak times</subfield><subfield code="w">(DLC)sn 87057938</subfield></datafield></record>